@techreport{tpcdsSpec,
	 author = {{Transaction Processing Performance Council}},
     title = {{TPC Benchmark DS Standard Specification Version 2.11.0}},
     year = {2019},
     month = {04},
	 url = {http://www.tpc.org/TPC_Documents_Current_Versions/pdf/tpc-c_v5.11.0.pdf}
}

@techreport{databricksReport,
     title = {{Benchmarking Big Data SQL Platforms in the Cloud}},
	 author = {Xin, Reynold and Sompolski, Juliusz},
     year = {2017},
     institution = {Transaction Processing Performance Council},
     month = {07},
	 url = {https://databricks.com/blog/2017/07/12/benchmarking-big-data-sql-platforms-in-the-cloud.html}
}

@techreport{starburstReport,
     title = {{Introduction to the Presto Cost-Based Optimizer}},
	 author = {Findeisen, Piotr and Sobczak, Karol and Sudarsan, Anu},
     year = {2018},
     institution = {Starburst},
     month = {08},
	 url = {https://www.starburstdata.com/presto-query-optimization-wp/}
}


